@misc{Mime,
 author = {Mime Industries},
 title = {Understanding the Mirobot Protocol},
 howpublished = {\url{http://learn.mime.co.uk/docs/understanding-the-mirobot-protocol/}},
 note = {Acessado: 2017-01-13},
 year = "2016"
}

@misc{HellenLemos,
 author = {Hellen Raile Oliveira De Lemos},
 title = {Relatório Técnico Científico Sobre o Trabalho Desenvolvido no Projeto Potigol: Desenvolvimento de uma Linguagem de Programação para Iniciantes},
 school = "Instituto Federal de Educação, Ciência e Tecnologia do Rio Grande do Norte - Natal/Central",
 year = "2015"
}
                  
@MasterThesis{McNerney2000,
  AUTHOR =       "Timothy Scott McNerney",
  TITLE =        "Tangible Programming Bricks: An approach to making programming accessible to everyone",
  SCHOOL =       "Massachusetts Institute of Technology",
  YEAR =         "2000",
  type =         "{MASTER OF SCIENCE IN MEDIA ARTS AND SCIENCES}",
  month =        Jun
}
                  
@TechReport{websocket2011,
  author = {Fette, I. and Melnikov, A.},
  howpublished = {Internet Requests for Comments},
  institution = {RFC Editor},
  issn = {2070-1721},
  keywords = {socket.io websockets},
  month = {December},
  note = {\url{http://www.rfc-editor.org/rfc/rfc6455.txt}},
  number = 6455,
  publisher = {Internet Engineering Task Force},
  timestamp = {2016-04-12T13:27:50.000+0200},
  title = {The WebSocket Protocol},
  type = {RFC},
  url = {http://www.rfc-editor.org/rfc/rfc6455.txt},
  year = 2011
}
