% Tese de Doutorado
@PHDTHESIS{PaquetePhD,
  AUTHOR = {L.~Paquete},
  TITLE = {Stochastic Local Search Algorithms for Multiobjective Combinatorial
Optimization Problems: Methods and Analysis},
  SCHOOL = {Techniche Universit\"at Darmstadt},
  YEAR = {2005}
}


% Relatorio tecnico
@TechReport{Jaszkiewicz,
AUTHOR={ Andrzej Jaszkiewicz},
TITLE={Genetic local search for multiple objective combinatorial optimization},
YEAR=1998,
INSTITUTION={Institute of Computing Science, Poznan University of Technology},
NUMBER={RA-014/98}
}

% Capitulo de Livro
@InBook{KnowlesBoundedPareto,
  author = 	 {Joshua Knowles and David Corne},
  editor = 	 {X. Gandibleux and M. Sevaux and K. S\"orensen and V. \relax{T'Kindt}},
  title = 	 {Metaheuristics for Multiobjective Optimisation},
  chapter = 	 {Bounded {P}areto Archiving: Theory and Practice},
  publisher = 	 {Springer},
  year = 	 {2004},
  volume = 	 {535},
  series = 	 {Lecture Notes in Economics and Mathematical Systems},
  pages = 	 {39--64},
  OPTannote = 	 {ISBN: 3-540-20637-X }
}


% Artigo em anais de congresso
@InProceedings{KnowlesBoundedLebesgue,
  author = 	 {Joshua D. Knowles and David W. Corne and Mark Fleischer},
  title = 	 {Bounded Archiving using the {L}ebesgue Measure},
  booktitle = 	 {Proceedings of the IEEE Congress on Evolutionary Computation},
  pages = 	 {2490--2497},
  year = 	 {2003},
  publisher = {IEEE Press}
}


% Artigo de jornal
@Article{LopezPaqueteStu,
  AUTHOR = { Manuel L{\'o}pez-Ib{\'a}{\~n}ez  and  Lu\'is Paquete  and  Thomas St{\"u}tzle },
  TITLE = {Hybrid Population-based Algorithms for the
                  Bi-objective Quadratic Assignment Problem},
  JOURNAL = {Journal of Mathematical Modelling and Algorithms},
  YEAR = 2006,
  VOLUME = 5,
  NUMBER = 1,
  PAGES = {111--137}
 }
 
 
% Livro
@Book{Silberschatz,
  author =       {Silberschatz, Abraham and
                  Korth, Henry F. and
                  Sudarshan, S.},
  title =        {Database system concepts},
  publisher =    {McGraw-Hill},
  year =         {2002},
  edition =      {4th},
  address = {Boston}
}


%Referencia da Web
@Misc{DB2XML,
    author =     {Volker Turau},
    title =      {DB2XML 1.4: {Transforming} relational databases into {XML} documents},    
    month =     Oct,
    year =   {2001},
    note = {Out., 2001. Disponível em: <\url{http://www.informatik.fh-wiesbaden.de/~turau/DB2XML/index.html}>. Acesso em Abril 9, 2004},
}

@inproceedings{Gordon,
 author = {Gordon, Michal and Ackermann, Edith and Breazeal, Cynthia},
 title = {Social Robot Toolkit: Tangible Programming for Young Children},
 booktitle = {Proceedings of the Tenth Annual ACM/IEEE International Conference on Human-Robot Interaction Extended Abstracts},
 series = {HRI'15 Extended Abstracts},
 year = {2015},
 isbn = {978-1-4503-3318-4},
 location = {Portland, Oregon, USA},
 pages = {67--68},
 numpages = {2},
 url = {http://doi.acm.org/10.1145/2701973.2702001},
 doi = {10.1145/2701973.2702001},
 acmid = {2702001},
 publisher = {ACM},
 address = {New York, NY, USA},
 keywords = {education, human robot interaction, robot programming},
} 

% Dissertação de Mestrado
@Misc{McNerney2000,
  AUTHOR =       {Timothy Scott McNerney},
  TITLE =        {Tangible Programming Bricks: An approach to making programming accessible to everyone},
  SCHOOL =       {Massachusetts Institute of Technology},
  YEAR =         {2000},
  type =         {MASTER OF SCIENCE IN MEDIA ARTS AND SCIENCES},
  month =        {Jun}
}

@InProceedings{Horn2007,
 author = {Horn, Michael S. and Jacob, Robert J. K.},
 title = {Designing Tangible Programming Languages for Classroom Use},
 booktitle = {Proceedings of the 1st International Conference on Tangible and Embedded Interaction},
 series = {TEI 07},
 year = {2007},
 isbn = {978-1-59593-619-6},
 location = {Baton Rouge, Louisiana},
 pages = {159--162},
 numpages = {4},
 url = {http://doi.acm.org/10.1145/1226969.1227003},
 doi = {10.1145/1226969.1227003},
 acmid = {1227003},
 publisher = {ACM},
 address = {New York, NY, USA},
 keywords = {children, education, programming languages, tangible UIs}
} 

@InProceedings{Horn2008,
 author = {Horn, Michael S. and Solovey, Erin Treacy and Jacob, Robert J. K.},
 title = {Tangible Programming and Informal Science Learning: Making TUIs Work for Museums},
 booktitle = {Proceedings of the 7th International Conference on Interaction Design and Children},
 series = {IDC '08},
 year = {2008},
 isbn = {978-1-59593-994-4},
 location = {Chicago, Illinois},
 pages = {194--201},
 numpages = {8},
 url = {http://doi.acm.org/10.1145/1463689.1463756},
 doi = {10.1145/1463689.1463756},
 acmid = {1463756},
 publisher = {ACM},
 address = {New York, NY, USA},
 keywords = {children, education, informal science learning, museums, programming languages, tangible user interfaces},
}

@TechReport{websocket2011,
  author = {Fette, I. and Melnikov, A.},
  howpublished = {Internet Requests for Comments},
  institution = {RFC Editor},
  issn = {2070-1721},
  keywords = {socket.io websockets},
  month = {December},
  note = {\url{http://www.rfc-editor.org/rfc/rfc6455.txt}},
  number = 6455,
  publisher = {Internet Engineering Task Force},
  timestamp = {2016-04-12T13:27:50.000+0200},
  title = {The WebSocket Protocol},
  type = {RFC},
  url = {http://www.rfc-editor.org/rfc/rfc6455.txt},
  year = 2011
}

@inproceedings{potigol,
 author = {Lucena, Leonardo R. and Lucena, M\'{a}rcia},
 title = {Potigol, a Programming Language for Beginners},
 booktitle = {Proceedings of the 2016 ACM Conference on Innovation and Technology in Computer Science Education},
 series = {ITiCSE '16},
 year = {2016},
 isbn = {978-1-4503-4231-5},
 location = {Arequipa, Peru},
 pages = {368--368},
 numpages = {1},
 url = {http://doi.acm.org/10.1145/2899415.2925493},
 doi = {10.1145/2899415.2925493},
 acmid = {2925493},
 publisher = {ACM},
 address = {New York, NY, USA},
 keywords = {computing education, cs1, functional programming, programming language},
} 